%YAML 1.1
%TAG !u! tag:unity3d.com,2011:
--- !u!91 &9100000
AnimatorController:
  m_ObjectHideFlags: 0
  m_PrefabParentObject: {fileID: 0}
  m_PrefabInternal: {fileID: 0}
  m_Name: Tania_Ctrl
  serializedVersion: 5
  m_AnimatorParameters:
  - m_Name: Turn
    m_Type: 1
    m_DefaultFloat: 0
    m_DefaultInt: 0
    m_DefaultBool: 0
    m_Controller: {fileID: 0}
  - m_Name: Forward
    m_Type: 1
    m_DefaultFloat: 0
    m_DefaultInt: 0
    m_DefaultBool: 0
    m_Controller: {fileID: 0}
  - m_Name: OnAir
    m_Type: 4
    m_DefaultFloat: 0
    m_DefaultInt: 0
    m_DefaultBool: 0
    m_Controller: {fileID: 0}
  m_AnimatorLayers:
  - serializedVersion: 5
    m_Name: Base Layer
    m_StateMachine: {fileID: 1107332440761230942}
    m_Mask: {fileID: 0}
    m_Motions: []
    m_Behaviours: []
    m_BlendingMode: 0
    m_SyncedLayerIndex: -1
    m_DefaultWeight: 0
    m_IKPass: 0
    m_SyncedLayerAffectsTiming: 0
    m_Controller: {fileID: 9100000}
  - serializedVersion: 5
    m_Name: Handler
    m_StateMachine: {fileID: 1107305389224443718}
    m_Mask: {fileID: 101100000, guid: edb0fda55b30ead43addafcec8f77c64, type: 2}
    m_Motions: []
    m_Behaviours: []
    m_BlendingMode: 0
    m_SyncedLayerIndex: -1
    m_DefaultWeight: 1
    m_IKPass: 1
    m_SyncedLayerAffectsTiming: 0
    m_Controller: {fileID: 9100000}
--- !u!206 &206855452392904326
BlendTree:
  m_ObjectHideFlags: 1
  m_PrefabParentObject: {fileID: 0}
  m_PrefabInternal: {fileID: 0}
  m_Name: BlendTree
  m_Childs: []
  m_BlendParameter: Turn
  m_BlendParameterY: Blend
  m_MinThreshold: 0
  m_MaxThreshold: 1
  m_UseAutomaticThresholds: 1
  m_NormalizedBlendValues: 0
  m_BlendType: 0
--- !u!206 &206938782560244658
BlendTree:
  m_ObjectHideFlags: 1
  m_PrefabParentObject: {fileID: 0}
  m_PrefabInternal: {fileID: 0}
  m_Name: Blend Tree
  m_Childs:
  - serializedVersion: 2
    m_Motion: {fileID: 7400004, guid: 818edda026bd37145a4ce8b4879daa3c, type: 3}
    m_Threshold: 0
    m_Position: {x: 0, y: 0}
    m_TimeScale: 1
    m_CycleOffset: 0
    m_DirectBlendParameter: Turn
    m_Mirror: 0
  - serializedVersion: 2
    m_Motion: {fileID: 7400014, guid: 818edda026bd37145a4ce8b4879daa3c, type: 3}
    m_Threshold: 0
    m_Position: {x: 0, y: 3}
    m_TimeScale: 1
    m_CycleOffset: 0
    m_DirectBlendParameter: Turn
    m_Mirror: 0
  - serializedVersion: 2
    m_Motion: {fileID: 7400010, guid: 818edda026bd37145a4ce8b4879daa3c, type: 3}
    m_Threshold: 0
    m_Position: {x: 0, y: 6}
    m_TimeScale: 1
    m_CycleOffset: 0
    m_DirectBlendParameter: Turn
    m_Mirror: 0
  - serializedVersion: 2
    m_Motion: {fileID: 7400016, guid: 818edda026bd37145a4ce8b4879daa3c, type: 3}
    m_Threshold: 0
    m_Position: {x: -3, y: 3}
    m_TimeScale: 1
    m_CycleOffset: 0
    m_DirectBlendParameter: Turn
    m_Mirror: 0
  - serializedVersion: 2
    m_Motion: {fileID: 7400020, guid: 818edda026bd37145a4ce8b4879daa3c, type: 3}
    m_Threshold: 0
    m_Position: {x: -6, y: 6}
    m_TimeScale: 1
    m_CycleOffset: 0
    m_DirectBlendParameter: Turn
    m_Mirror: 0
  - serializedVersion: 2
    m_Motion: {fileID: 7400018, guid: 818edda026bd37145a4ce8b4879daa3c, type: 3}
    m_Threshold: 0
    m_Position: {x: 3, y: 3}
    m_TimeScale: 1
    m_CycleOffset: 0
    m_DirectBlendParameter: Turn
    m_Mirror: 0
  - serializedVersion: 2
    m_Motion: {fileID: 7400012, guid: 818edda026bd37145a4ce8b4879daa3c, type: 3}
    m_Threshold: 0
    m_Position: {x: 6, y: 6}
    m_TimeScale: 1
    m_CycleOffset: 0
    m_DirectBlendParameter: Turn
    m_Mirror: 0
  - serializedVersion: 2
    m_Motion: {fileID: 7400014, guid: 818edda026bd37145a4ce8b4879daa3c, type: 3}
    m_Threshold: 0
    m_Position: {x: 0, y: -3}
    m_TimeScale: -1
    m_CycleOffset: 0
    m_DirectBlendParameter: Turn
    m_Mirror: 0
  - serializedVersion: 2
    m_Motion: {fileID: 7400010, guid: 818edda026bd37145a4ce8b4879daa3c, type: 3}
    m_Threshold: 0
    m_Position: {x: 0, y: -6}
    m_TimeScale: -1
    m_CycleOffset: 0
    m_DirectBlendParameter: Turn
    m_Mirror: 0
  - serializedVersion: 2
    m_Motion: {fileID: 7400018, guid: 818edda026bd37145a4ce8b4879daa3c, type: 3}
    m_Threshold: 0
    m_Position: {x: -3, y: -3}
    m_TimeScale: -1
    m_CycleOffset: 0
    m_DirectBlendParameter: Turn
    m_Mirror: 0
  - serializedVersion: 2
    m_Motion: {fileID: 7400012, guid: 818edda026bd37145a4ce8b4879daa3c, type: 3}
    m_Threshold: 0
    m_Position: {x: -6, y: -6}
    m_TimeScale: -1
    m_CycleOffset: 0
    m_DirectBlendParameter: Turn
    m_Mirror: 0
  - serializedVersion: 2
    m_Motion: {fileID: 7400016, guid: 818edda026bd37145a4ce8b4879daa3c, type: 3}
    m_Threshold: 0
    m_Position: {x: 3, y: -3}
    m_TimeScale: -1
    m_CycleOffset: 0
    m_DirectBlendParameter: Turn
    m_Mirror: 0
  - serializedVersion: 2
    m_Motion: {fileID: 7400020, guid: 818edda026bd37145a4ce8b4879daa3c, type: 3}
    m_Threshold: 0
    m_Position: {x: 6, y: -6}
    m_TimeScale: -1
    m_CycleOffset: 0
    m_DirectBlendParameter: Turn
    m_Mirror: 0
  - serializedVersion: 2
    m_Motion: {fileID: 7400016, guid: 818edda026bd37145a4ce8b4879daa3c, type: 3}
    m_Threshold: 0
    m_Position: {x: -3, y: 0}
    m_TimeScale: 1
    m_CycleOffset: 0
    m_DirectBlendParameter: Turn
    m_Mirror: 0
  - serializedVersion: 2
    m_Motion: {fileID: 7400020, guid: 818edda026bd37145a4ce8b4879daa3c, type: 3}
    m_Threshold: 0
    m_Position: {x: -6, y: 0}
    m_TimeScale: 1
    m_CycleOffset: 0
    m_DirectBlendParameter: Turn
    m_Mirror: 0
  - serializedVersion: 2
    m_Motion: {fileID: 7400018, guid: 818edda026bd37145a4ce8b4879daa3c, type: 3}
    m_Threshold: 0
    m_Position: {x: 3, y: 0}
    m_TimeScale: 1
    m_CycleOffset: 0
    m_DirectBlendParameter: Turn
    m_Mirror: 0
  - serializedVersion: 2
    m_Motion: {fileID: 7400012, guid: 818edda026bd37145a4ce8b4879daa3c, type: 3}
    m_Threshold: 0
    m_Position: {x: 6, y: 0}
    m_TimeScale: 1
    m_CycleOffset: 0
    m_DirectBlendParameter: Turn
    m_Mirror: 0
  m_BlendParameter: Turn
  m_BlendParameterY: Forward
  m_MinThreshold: 0
  m_MaxThreshold: 0
  m_UseAutomaticThresholds: 1
  m_NormalizedBlendValues: 0
  m_BlendType: 3
--- !u!1101 &1101119219783469696
AnimatorStateTransition:
  m_ObjectHideFlags: 1
  m_PrefabParentObject: {fileID: 0}
  m_PrefabInternal: {fileID: 0}
  m_Name: 
  m_Conditions:
  - m_ConditionMode: 2
    m_ConditionEvent: OnAir
    m_EventTreshold: 0
  m_DstStateMachine: {fileID: 0}
  m_DstState: {fileID: 1102231519127884976}
  m_Solo: 0
  m_Mute: 0
  m_IsExit: 0
  serializedVersion: 3
  m_TransitionDuration: 0.25
  m_TransitionOffset: 0
  m_ExitTime: 0.75
  m_HasExitTime: 0
  m_HasFixedDuration: 1
  m_InterruptionSource: 0
  m_OrderedInterruption: 1
  m_CanTransitionToSelf: 0
--- !u!1101 &1101215367783695642
AnimatorStateTransition:
  m_ObjectHideFlags: 1
  m_PrefabParentObject: {fileID: 0}
  m_PrefabInternal: {fileID: 0}
  m_Name: 
  m_Conditions: []
  m_DstStateMachine: {fileID: 0}
  m_DstState: {fileID: 1102076021706712832}
  m_Solo: 0
  m_Mute: 0
  m_IsExit: 0
  serializedVersion: 3
  m_TransitionDuration: 0
  m_TransitionOffset: 0
  m_ExitTime: 0
  m_HasExitTime: 1
  m_HasFixedDuration: 0
  m_InterruptionSource: 0
  m_OrderedInterruption: 1
  m_CanTransitionToSelf: 1
--- !u!1101 &1101678261702628614
AnimatorStateTransition:
  m_ObjectHideFlags: 1
  m_PrefabParentObject: {fileID: 0}
  m_PrefabInternal: {fileID: 0}
  m_Name: 
  m_Conditions:
  - m_ConditionMode: 1
    m_ConditionEvent: OnAir
    m_EventTreshold: 0
  m_DstStateMachine: {fileID: 0}
  m_DstState: {fileID: 1102106242904131784}
  m_Solo: 0
  m_Mute: 0
  m_IsExit: 0
  serializedVersion: 3
  m_TransitionDuration: 0.25
  m_TransitionOffset: 0
  m_ExitTime: 0
  m_HasExitTime: 0
  m_HasFixedDuration: 1
  m_InterruptionSource: 0
  m_OrderedInterruption: 1
  m_CanTransitionToSelf: 1
--- !u!1102 &1102076021706712832
AnimatorState:
  serializedVersion: 5
  m_ObjectHideFlags: 1
  m_PrefabParentObject: {fileID: 0}
  m_PrefabInternal: {fileID: 0}
  m_Name: Blend Tree
  m_Speed: 1
  m_CycleOffset: 0
  m_Transitions: []
  m_StateMachineBehaviours: []
  m_Position: {x: 50, y: 50, z: 0}
  m_IKOnFeet: 0
  m_WriteDefaultValues: 1
  m_Mirror: 0
  m_SpeedParameterActive: 0
  m_MirrorParameterActive: 0
  m_CycleOffsetParameterActive: 0
  m_Motion: {fileID: 206938782560244658}
  m_Tag: 
  m_SpeedParameter: 
  m_MirrorParameter: 
  m_CycleOffsetParameter: 
--- !u!1102 &1102106242904131784
AnimatorState:
  serializedVersion: 5
  m_ObjectHideFlags: 1
  m_PrefabParentObject: {fileID: 0}
  m_PrefabInternal: {fileID: 0}
  m_Name: CollWithGround
  m_Speed: 1
  m_CycleOffset: 0
  m_Transitions:
  - {fileID: 1101215367783695642}
  m_StateMachineBehaviours: []
  m_Position: {x: 50, y: 50, z: 0}
  m_IKOnFeet: 0
  m_WriteDefaultValues: 1
  m_Mirror: 0
  m_SpeedParameterActive: 0
  m_MirrorParameterActive: 0
  m_CycleOffsetParameterActive: 0
  m_Motion: {fileID: 7400002, guid: 818edda026bd37145a4ce8b4879daa3c, type: 3}
  m_Tag: 
  m_SpeedParameter: 
  m_MirrorParameter: 
  m_CycleOffsetParameter: 
--- !u!1102 &1102231519127884976
AnimatorState:
  serializedVersion: 5
  m_ObjectHideFlags: 1
  m_PrefabParentObject: {fileID: 0}
  m_PrefabInternal: {fileID: 0}
  m_Name: OnAir
  m_Speed: 1
  m_CycleOffset: 0
  m_Transitions:
  - {fileID: 1101678261702628614}
  m_StateMachineBehaviours: []
  m_Position: {x: 50, y: 50, z: 0}
  m_IKOnFeet: 0
  m_WriteDefaultValues: 1
  m_Mirror: 0
  m_SpeedParameterActive: 0
  m_MirrorParameterActive: 0
  m_CycleOffsetParameterActive: 0
  m_Motion: {fileID: 7400006, guid: 818edda026bd37145a4ce8b4879daa3c, type: 3}
  m_Tag: 
  m_SpeedParameter: 
  m_MirrorParameter: 
  m_CycleOffsetParameter: 
--- !u!1107 &1107305389224443718
AnimatorStateMachine:
  serializedVersion: 5
  m_ObjectHideFlags: 1
  m_PrefabParentObject: {fileID: 0}
  m_PrefabInternal: {fileID: 0}
  m_Name: Handler
  m_ChildStates: []
  m_ChildStateMachines: []
  m_AnyStateTransitions: []
  m_EntryTransitions: []
  m_StateMachineTransitions: {}
  m_StateMachineBehaviours: []
  m_AnyStatePosition: {x: 50, y: 20, z: 0}
  m_EntryPosition: {x: 50, y: 120, z: 0}
  m_ExitPosition: {x: 800, y: 120, z: 0}
  m_ParentStateMachinePosition: {x: 800, y: 20, z: 0}
  m_DefaultState: {fileID: 0}
--- !u!1107 &1107332440761230942
AnimatorStateMachine:
  serializedVersion: 5
  m_ObjectHideFlags: 1
  m_PrefabParentObject: {fileID: 0}
  m_PrefabInternal: {fileID: 0}
  m_Name: Base Layer
  m_ChildStates:
  - serializedVersion: 1
    m_State: {fileID: 1102076021706712832}
    m_Position: {x: 312, y: 120, z: 0}
  - serializedVersion: 1
    m_State: {fileID: 1102231519127884976}
    m_Position: {x: 312, y: -24, z: 0}
  - serializedVersion: 1
    m_State: {fileID: 1102106242904131784}
    m_Position: {x: 312, y: 48, z: 0}
  m_ChildStateMachines: []
  m_AnyStateTransitions:
  - {fileID: 1101119219783469696}
  m_EntryTransitions: []
  m_StateMachineTransitions: {}
  m_StateMachineBehaviours: []
  m_AnyStatePosition: {x: 50, y: 20, z: 0}
  m_EntryPosition: {x: 50, y: 120, z: 0}
  m_ExitPosition: {x: 800, y: 120, z: 0}
  m_ParentStateMachinePosition: {x: 800, y: 20, z: 0}
  m_DefaultState: {fileID: 1102076021706712832}
